@article{goodrich-hunsaker:2005aa,
	title        = {{Dissociating the role of the parietal cortex and dorsal hippocampus for spatial information processing.}},
	author       = {Goodrich-Hunsaker, Naomi J and Hunsaker, Michael R and Kesner, Raymond P},
	year         = 2005,
	journal      = {Behavioral Neuroscience},
	volume       = 119,
	number       = 5,
	pages        = {1307--1315},
	doi          = {10.1037/0735-7044.119.5.1307},
	pmid         = 16300437
}
@article{kesner:2005aa,
	title        = {{The role of CA1 in the acquisition of an object-trace-odor paired associate task.}},
	author       = {Kesner, Raymond P and Hunsaker, Michael R and Gilbert, Paul E},
	year         = 2005,
	journal      = {Behavioral Neuroscience},
	volume       = 119,
	number       = 3,
	pages        = {781--786},
	doi          = {10.1037/0735-7044.119.3.781},
	pmid         = 15998199
}
@article{lee:2005aa,
	title        = {{The role of hippocampal subregions in detecting spatial novelty.}},
	author       = {Lee, Inah and Hunsaker, Michael R and Kesner, Raymond P},
	year         = 2005,
	journal      = {Behavioral Neuroscience},
	volume       = 119,
	number       = 1,
	pages        = {145--153},
	doi          = {10.1037/0735-7044.119.1.145},
	pmid         = 15727520
}
@article{hunsaker:2006aa,
	title        = {{The role of CA3 and CA1 in the acquisition of an object-trace-place paired-associate task.}},
	author       = {Hunsaker, Michael R and Thorup, Jessica A and Welch, Trent and Kesner, Raymond P},
	year         = 2006,
	journal      = {Behavioral Neuroscience},
	volume       = 120,
	number       = 6,
	pages        = {1252--1256},
	doi          = {10.1037/0735-7044.120.6.1252},
	pmid         = 17201469
}
@article{jerman:2006aa,
	title        = {{Disconnection analysis of CA3 and DG in mediating encoding but not retrieval in a spatial maze learning task}},
	author       = {Jerman, Taylor and Kesner, Raymond P. and Hunsaker, Michael R.},
	year         = 2006,
	journal      = {Learning \& Memory},
	volume       = 13,
	number       = 4,
	pages        = {458--464},
	doi          = {10.1101/lm.246906},
	pmcid        = {PMC1538923},
	pmid         = 16882862
}
@article{rogers:2006aa,
	title        = {{Effects of ventral and dorsal CA1 subregional lesions on trace fear conditioning}},
	author       = {Rogers, Jason L and Hunsaker, Michael R and Kesner, Raymond P},
	year         = 2006,
	journal      = {Neurobiology of Learning and Memory},
	volume       = 86,
	number       = 1,
	pages        = {72--81},
	doi          = {10.1016/j.nlm.2006.01.002},
	pmid         = 16504548
}
@article{hunsaker:2007aa,
	title        = {{Role of dCA3 efferents via the fimbria in the acquisition of a delay nonmatch to place task}},
	author       = {Hunsaker, Michael R and Allan, Kimberly D and Kesner, Raymond P},
	year         = 2007,
	journal      = {Hippocampus},
	volume       = 17,
	number       = 6,
	pages        = {494--502},
	doi          = {10.1002/hipo.20288},
	pmid         = 17455333
}
@article{hunsaker:2007ab,
	title        = {{Evaluating the temporal context of episodic memory: the role of CA3 and CA1.}},
	author       = {Hunsaker, Michael R and Lee, Bart and Kesner, Raymond P},
	year         = 2007,
	journal      = {Behavioural Brain Research},
	volume       = 188,
	number       = 2,
	pages        = {310--5},
	doi          = {10.1016/j.bbr.2007.11.015},
	pmcid        = {PMC2675273},
	pmid         = 18178264
}
@article{hunsaker:2007ac,
	title        = {{Dissociations of the medial and lateral perforant path projections into dorsal DG, CA3, and CA1 for spatial and nonspatial (visual object) information processing.}},
	author       = {Hunsaker, Michael R and Mooy, Graham G and Swift, Jesse S and Kesner, Raymond P},
	year         = 2007,
	journal      = {Behavioral Neuroscience},
	volume       = 121,
	number       = 4,
	pages        = {742--750},
	doi          = {10.1037/0735-7044.121.4.742},
	pmid         = 17663599
}
@article{hunsaker:2007ad,
	title        = {{Behavioral characterization of a transection of dorsal CA3 subcortical efferents: Comparison with scopolamine and physostigmine infusions into dorsal CA3}},
	author       = {Hunsaker, Michael R and Rogers, Jason L and Kesner, Raymond P},
	year         = 2007,
	journal      = {Neurobiology of Learning and Memory},
	volume       = 88,
	number       = 1,
	pages        = {127--136},
	doi          = {10.1016/j.nlm.2007.01.006},
	pmcid        = {PMC2095787},
	pmid         = 17350296
}
@article{goodrich-hunsaker:2008aa,
	title        = {{Human topological task adapted for rats: Spatial information processes of the parietal cortex.}},
	author       = {Goodrich-Hunsaker, Naomi J and Howard, Brian P and Hunsaker, Michael R and Kesner, Raymond P},
	year         = 2008,
	journal      = {Neurobiology of learning and memory},
	volume       = 90,
	number       = 2,
	pages        = {389--94},
	doi          = {10.1016/j.nlm.2008.05.002},
	pmcid        = {PMC2570225},
	pmid         = 18571941
}
@article{goodrich-hunsaker:2008ab,
	title        = {{The interactions and dissociations of the dorsal hippocampus subregions: How the dentate gyrus, CA3, and CA1 process spatial information.}},
	author       = {Goodrich-Hunsaker, Naomi J and Hunsaker, Michael R and Kesner, Raymond P},
	year         = 2008,
	journal      = {Behavioral Neuroscience},
	volume       = 122,
	number       = 1,
	pages        = {16--26},
	doi          = {10.1037/0735-7044.122.1.16},
	pmid         = 18298245
}
@article{hunsaker:2008aa,
	title        = {{Dissociating the roles of dorsal and ventral CA1 for the temporal processing of spatial locations, visual objects, and odors.}},
	author       = {Hunsaker, Michael R and Fieldsted, Paige M and Rosenberg, Jenna S and Kesner, Raymond P},
	year         = 2008,
	journal      = {Behavioral Neuroscience},
	volume       = 122,
	number       = 3,
	pages        = {643--650},
	doi          = {10.1037/0735-7044.122.3.643},
	pmid         = 18513134
}
@article{hunsaker:2008ab,
	title        = {{Dissociations across the dorsal--ventral axis of CA3 and CA1 for encoding and retrieval of contextual and auditory-cued fear}},
	author       = {Hunsaker, Michael R and Kesner, Raymond P},
	year         = 2008,
	journal      = {Neurobiology of Learning and Memory},
	volume       = 89,
	number       = 1,
	pages        = {61--69},
	doi          = {10.1016/j.nlm.2007.08.016},
	pmcid        = {PMC2675280},
	pmid         = 17931914
}
@article{hunsaker:2008ac,
	title        = {{Evaluating the differential roles of the dorsal dentate gyrus, dorsal CA3, and dorsal CA1 during a temporal ordering for spatial locations task}},
	author       = {Hunsaker, Michael R and Kesner, Raymond P},
	year         = 2008,
	journal      = {Hippocampus},
	volume       = 18,
	number       = 9,
	pages        = {955--964},
	doi          = {10.1002/hipo.20455},
	pmcid        = {PMC2570230},
	pmid         = 18493930
}
@article{hunsaker:2008ad,
	title        = {{The role of the dentate gyrus, CA3a,b, and CA3c for detecting spatial and environmental novelty.}},
	author       = {Hunsaker, Michael R and Rosenberg, Jenna S and Kesner, Raymond P},
	year         = 2008,
	journal      = {Hippocampus},
	volume       = 18,
	number       = 10,
	pages        = {1064--73},
	doi          = {10.1002/hipo.20464},
	pmid         = 18651615
}
@article{hunsaker:2008ae,
	title        = {{A double dissociation of subcortical hippocampal efferents for encoding and consolidation/retrieval of spatial information}},
	author       = {Hunsaker, Michael R and Tran, Giang T and Kesner, Raymond P},
	year         = 2008,
	journal      = {Hippocampus},
	volume       = 18,
	number       = 7,
	pages        = {699--709},
	doi          = {10.1002/hipo.20429},
	pmid         = 18493950
}
@article{kesner:2008aa,
	title        = {{The CA3 subregion of the hippocampus is critical for episodic memory processing by means of relational encoding in rats.}},
	author       = {Kesner, Raymond P and Hunsaker, Michael R and Warthen, Matthew W},
	year         = 2008,
	journal      = {Behavioral Neuroscience},
	volume       = 122,
	number       = 6,
	pages        = {1217--1225},
	doi          = {10.1037/a0013592},
	pmid         = 19045941
}
@incollection{hunsaker:2008af,
	title        = {{The attributes of episodic memory processing}},
	author       = {Michael R. Hunsaker and Raymond P. Kesner},
	year         = 2008,
	booktitle    = {Handbook of Episodic Memory},
	publisher    = {Elsevier},
	series       = {Handbook of Behavioral Neuroscience},
	volume       = 18,
	pages        = {57--79},
	chapter      = {1.5},
	doi          = {https://doi.org/10.1016/S1569-7339(08)00205-1},
	issn         = {1569-7339},
	editor       = {Ekrem Dere and Alexander Easton and Lynn Nadel and Joseph P. Huston}
}
@article{hunsaker:2009aa,
	title        = {{Transecting the dorsal fornix results in novelty detection but not temporal ordering deficits in rats.}},
	author       = {Hunsaker, Michael R and Kesner, Raymond P},
	year         = 2009,
	journal      = {Behavioural Brain Research},
	volume       = 201,
	number       = 1,
	pages        = {192--7},
	doi          = {10.1016/j.bbr.2009.02.012},
	pmcid        = {PMC2680774},
	pmid         = 19428633
}
@article{hunsaker:2009ab,
	title        = {{A behavioral analysis of the role of CA3 and CA1 subcortical efferents during classical fear conditioning.}},
	author       = {Hunsaker, Michael R and Tran, Giang T and Kesner, Raymond P},
	year         = 2009,
	journal      = {Behavioral Neuroscience},
	volume       = 123,
	number       = 3,
	pages        = {624--630},
	doi          = {10.1037/a0015455},
	pmid         = 19485569
}
@article{hunsaker:2009ac,
	title        = {{Progressive spatial processing deficits in a mouse model of the fragile X premutation.}},
	author       = {Hunsaker, Michael R and Wenzel, H J\"{u}rgen and Willemsen, Rob and Berman, Robert F},
	year         = 2009,
	journal      = {Behavioral Neuroscience},
	volume       = 123,
	number       = 6,
	pages        = {1315--24},
	doi          = {10.1037/a0017616},
	pmcid        = {PMC3410547},
	pmid         = 20001115
}
@article{kesner:2009aa,
	title        = {{The temporal attributes of episodic memory.}},
	author       = {Kesner, Raymond P and Hunsaker, Michael R},
	year         = 2009,
	journal      = {Behavioural Brain Research},
	volume       = 215,
	number       = 2,
	pages        = {299--309},
	doi          = {10.1016/j.bbr.2009.12.029},
	pmid         = 20036694
}
@article{kesner:2009ab,
	title        = {{The role of the dorsal CA1 and ventral CA1 in memory for the temporal order of a sequence of odors.}},
	author       = {Kesner, Raymond P and Hunsaker, Michael R and Ziegler, Warren},
	year         = 2009,
	journal      = {Neurobiology of Learning and Memory},
	volume       = 93,
	number       = 1,
	pages        = {111--6},
	doi          = {10.1016/j.nlm.2009.08.010},
	pmid         = 19733676
}
@incollection{berman:2010aa,
	title        = {{Neurodevelopmental toxicology and autism spectrum disorders}},
	author       = {Berman, Robert F. and Koenig, Claire M. and Hunsaker, Michael R. and Pessah, Isaac N. and Lasalle, Janine M.},
	year         = 2010,
	booktitle    = {Developmental Neurotoxicology Research},
	publisher    = {John Wiley \& Sons, Ltd},
	pages        = {439--476},
	doi          = {10.1002/9780470917060.ch21},
	isbn         = 9780470917060,
	chapter      = 21,
	eprint       = {https://onlinelibrary.wiley.com/doi/pdf/10.1002/9780470917060.ch21}
}
@incollection{greco:2010aa,
	title        = {{The pathology of FXTAS}},
	author       = {Greco, Claudia M. and Hunsaker, Michael R. and Berman, Robert F.},
	year         = 2010,
	booktitle    = {The Fragile X-Associated Tremor Ataxia Syndrome (FXTAS)},
	publisher    = {Springer New York},
	address      = {New York, NY},
	pages        = {67--76},
	doi          = {10.1007/978-1-4419-5805-1_5},
	isbn         = {978-1-4419-5805-1},
	editor       = {Tassone, Flora and Berry-Kravis, Elizabeth M.}
}
@article{hunsaker:2010aa,
	title        = {{Temporal ordering deficits in female CGG KI mice heterozygous for the fragile X premutation}},
	author       = {Hunsaker, Michael R and Goodrich-Hunsaker, Naomi J and Willemsen, Rob and Berman, Robert F},
	year         = 2010,
	journal      = {Behavioural Brain Research},
	volume       = 213,
	number       = 2,
	pages        = {263--268},
	doi          = {10.1016/j.bbr.2010.05.010},
	pmcid        = {PMC2902565},
	pmid         = 20478339
}
@article{wenzel:2010aa,
	title        = {{Ubiquitin-positive intranuclear inclusions in neuronal and glial cells in a mouse model of the fragile X premutation}},
	author       = {Wenzel, H J\"{u}rgen and Hunsaker, Michael R and Greco, Claudia M and Willemsen, Rob and Berman, Robert F},
	year         = 2010,
	journal      = {Brain Research},
	volume       = 1318,
	pages        = {155--166},
	doi          = {10.1016/j.brainres.2009.12.077},
	pmcid        = {PMC3086812},
	pmid         = 20051238
}
@article{diep:2011aa,
	title        = {{Female CGG knock-in mice modeling the fragile X premutation are impaired on a skilled forelimb reaching task.}},
	author       = {Diep, Amanda A and Hunsaker, Michael R and Kwock, Richard and Kim, Kyoungmi and Willemsen, Rob and Berman, Robert F},
	year         = 2011,
	journal      = {Neurobiology of learning and memory},
	volume       = 97,
	number       = 2,
	pages        = {229--34},
	doi          = {10.1016/j.nlm.2011.12.006},
	pmcid        = {PMC3278548},
	pmid         = 22202169
}
@article{greco:2011aa,
	title        = {{Neuropathologic features in the hippocampus and cerebellum of three older men with fragile X syndrome}},
	author       = {Greco, Claudia M and Navarro, Celestine S and Hunsaker, Michael R and Maezawa, Izumi and Shuler, John F and Tassone, Flora and Delany, Mary and Au, Jacky W and Berman, Robert F and Jin, Lee-Way and Schumann, Cynthia and Hagerman, Paul J and Hagerman, Randi J},
	year         = 2011,
	journal      = {Molecular Autism},
	volume       = 2,
	number       = 1,
	pages        = 2,
	doi          = {10.1186/2040-2392-2-2},
	pmcid        = {PMC3045897},
	pmid         = 21303513
}
@article{hunsaker:2011aa,
	title        = {{Widespread non-central nervous system organ pathology in fragile X premutation carriers with fragile X-associated tremor/ataxia syndrome and CGG knock-in mice.}},
	author       = {Hunsaker, Michael R and Greco, Claudia M and Spath, Marian A and Smits, Arie P T and Navarro, Celestine S and Tassone, Flora and Kros, Johan M and Severijnen, Lies-Anne and Berry-Kravis, Elizabeth M and Berman, Robert F and Hagerman, Paul J and Willemsen, Rob and Hagerman, Randi J and Hukema, Renate K},
	year         = 2011,
	journal      = {Acta Neuropathologica},
	volume       = 122,
	number       = 4,
	pages        = {467--79},
	doi          = {10.1007/s00401-011-0860-9},
	pmcid        = {PMC3222079},
	pmid         = 21785977
}
@article{hunsaker:2011ab,
	title        = {{Rare intranuclear inclusions in the brains of 3 older adult males with fragile X syndrome: Implications for the spectrum of fragile X-associated disorders}},
	author       = {Hunsaker, Michael R and Greco, Claudia M and Tassone, Flora and Berman, Robert F and Willemsen, Rob and Hagerman, Randi J and Hagerman, Paul J},
	year         = 2011,
	journal      = {Journal of Neuropathology \& Experimental Neurology},
	volume       = 70,
	number       = 6,
	pages        = {462--469},
	doi          = {10.1097/nen.0b013e31821d3194},
	pmcid        = {PMC3109086},
	pmid         = 21572337
}
@article{hunsaker:2011ac,
	title        = {{Motor deficits on a ladder rung task in male and female adolescent and adult CGG knock-in mice}},
	author       = {Hunsaker, Michael R and Leden, Ramona E von and Ta, Binh T and Goodrich-Hunsaker, Naomi J and Arque, Gloria and Kim, Kyoungmi and Willemsen, Rob and Berman, Robert F},
	year         = 2011,
	journal      = {Behavioural Brain Research},
	volume       = 222,
	number       = 1,
	pages        = {117--121},
	doi          = {10.1016/j.bbr.2011.03.039},
	pmcid        = {PMC3095688},
	pmid         = 21440572
}
@article{kesner:2011aa,
	title        = {{The role of the dorsal and ventral hippocampus in olfactory working memory}},
	author       = {Kesner, Raymond P and Hunsaker, Michael R and Ziegler, Warren},
	year         = 2011,
	journal      = {Neurobiology of Learning and Memory},
	volume       = 96,
	number       = 2,
	pages        = {361--366},
	doi          = {10.1016/j.nlm.2011.06.011},
	pmid         = 21742047
}
@article{berman:2012aa,
	title        = {{Abnormal dendrite and spine morphology in primary visual cortex in the CGG knock-in mouse model of the fragile X premutation.}},
	author       = {Berman, Robert F and Murray, Karl D and Arque, Gloria and Hunsaker, Michael R and Wenzel, H J\"{u}rgen},
	year         = 2012,
	journal      = {Epilepsia},
	volume       = {53 Suppl 1},
	number       = {s1},
	pages        = {150--60},
	doi          = {10.1111/j.1528-1167.2012.03486.x},
	pmcid        = {PMC4316681},
	pmid         = 22612820
}
@article{borthwell:2012aa,
	title        = {{Spatiotemporal processing deficits in female CGG KI mice modeling the fragile X premutation.}},
	author       = {Borthwell, Rachel M and Hunsaker, Michael R and Willemsen, Rob and Berman, Robert F},
	year         = 2012,
	journal      = {Behavioural Brain Research},
	volume       = 233,
	number       = 1,
	pages        = {29--34},
	doi          = {10.1016/j.bbr.2012.04.029},
	pmcid        = {PMC3378809},
	pmid         = 22561129
}
@article{hunsaker:2012aa,
	title        = {{Comprehensive neurocognitive endophenotyping strategies for mouse models of genetic disorders}},
	author       = {Hunsaker, Michael R},
	year         = 2012,
	journal      = {Progress in Neurobiology},
	volume       = 96,
	number       = 2,
	pages        = {220--241},
	doi          = {10.1016/j.pneurobio.2011.12.001},
	pmcid        = {PMC3289520},
	pmid         = 22266125
}
@article{hunsaker:2012ab,
	title        = {{The importance of considering all attributes of memory in behavioral endophenotyping of mouse models of genetic disease.}},
	author       = {Hunsaker, Michael R},
	year         = 2012,
	journal      = {Behavioral Neuroscience},
	volume       = 126,
	number       = 3,
	pages        = {371--80},
	doi          = {10.1037/a0028453},
	pmcid        = {PMC3367383},
	pmid         = 22642882
}
@article{hunsaker:2012ac,
	title        = {{Mouse models of the fragile x premutation and the fragile X associated tremor/ataxia syndrome.}},
	author       = {Hunsaker, Michael R and Arque, Gloria and Berman, Robert F and Willemsen, Rob and Hukema, Renate K},
	year         = 2012,
	journal      = {Results and problems in cell differentiation},
	booktitle    = {Modeling Fragile X Syndrome},
	publisher    = {Springer Berlin Heidelberg},
	address      = {Berlin, Heidelberg},
	volume       = 54,
	pages        = {255--69},
	doi          = {10.1007/978-3-642-21649-7\_14},
	isbn         = {978-3-642-21649-7},
	pmcid        = {PMC4313770},
	pmid         = 22009357,
	editor       = {Denman, Robert B.}
}
@article{hunsaker:2012ad,
	title        = {{The operation of pattern separation and pattern completion processes associated with different attributes or domains of memory.}},
	author       = {Hunsaker, Michael R and Kesner, Raymond P},
	year         = 2012,
	journal      = {Neuroscience and Biobehavioral Reviews},
	volume       = 37,
	number       = 1,
	pages        = {36--58},
	doi          = {10.1016/j.neubiorev.2012.09.014},
	pmid         = 23043857
}
@article{hunsaker:2012ae,
	title        = {{CGG trinucleotide repeat length modulates neural plasticity and spatiotemporal processing in a mouse model of the fragile X premutation.}},
	author       = {Hunsaker, Michael R and Kim, Kyoungmi and Willemsen, Rob and Berman, Robert F},
	year         = 2012,
	journal      = {Hippocampus},
	volume       = 22,
	number       = 12,
	pages        = {2260--75},
	doi          = {10.1002/hipo.22043},
	pmcid        = {PMC3449027},
	pmid         = 22707411
}
@article{schluter:2012aa,
	title        = {{Distribution and frequency of intranuclear inclusions in female CGG KI mice modeling the fragile X premutation}},
	author       = {Schluter, Erik W and Hunsaker, Michael R and Greco, Claudia M and Willemsen, Rob and Berman, Robert F},
	year         = 2012,
	journal      = {Brain Research},
	volume       = 1472,
	pages        = {124--137},
	doi          = {10.1016/j.brainres.2012.06.052},
	pmcid        = {PMC3572858},
	pmid         = 22796595
}
@article{tassone:2012aa,
	title        = {{Neuropathological, clinical and molecular pathology in female fragile X premutation carriers with and without FXTAS}},
	author       = {Tassone, F and Greco, C M and Hunsaker, M R and Seritan, A L and Berman, R F and Gane, L W and Jacquemont, S and Basuta, K and Jin, L -W and Hagerman, P J and Hagerman, R J},
	year         = 2012,
	journal      = {Genes, Brain and Behavior},
	volume       = 11,
	number       = 5,
	pages        = {577--585},
	doi          = {10.1111/j.1601-183x.2012.00779.x},
	pmcid        = {PMC3965773},
	pmid         = 22463693
}
@article{gurkoff:2013aa,
	title        = {{Evaluation of metric, topological, and temporal ordering memory tasks after lateral fluid percussion injury}},
	author       = {Gurkoff, Gene G and Gahan, Jennifer D and Ghiasvand, Rahil T and Hunsaker, Michael R and Van, Ken and Feng, Jun-feng and Shahlaie, Kiarash and Berman, Robert F and Lyeth, Bruce G and Folkerts, Michael M},
	year         = 2013,
	journal      = {Journal of Neurotrauma},
	volume       = 30,
	number       = 4,
	pages        = {292--300},
	doi          = {10.1089/neu.2012.2463},
	pmid         = 23140483
}
@article{hunsaker:2013aa,
	title        = {{Neurocognitive endophenotypes in CGG KI and Fmr1 KO mouse models of Fragile X-Associated disorders: An analysis of the state of the field.}},
	author       = {Hunsaker, Michael R},
	year         = 2013,
	journal      = {F1000Research},
	volume       = 2,
	pages        = 287,
	doi          = {10.12688/f1000research.2-287.v1},
	pmcid        = {PMC3945770},
	pmid         = 24627796
}
@article{hunsaker:2013ab,
	title        = {{The medial and lateral entorhinal cortex both contribute to contextual and item recognition memory: a test of the binding of items and context model.}},
	author       = {Hunsaker, Michael R and Chen, Victoria and Tran, Giang T and Kesner, Raymond P},
	year         = 2013,
	journal      = {Hippocampus},
	volume       = 23,
	number       = 5,
	pages        = {380--91},
	doi          = {10.1002/hipo.22097},
	pmid         = 23436324
}
@article{pretto:2013aa,
	title        = {{Intranuclear inclusions in a fragile X mosaic male}},
	author       = {Pretto, Dalyir I and Hunsaker, Michael R and Cunningham, Christopher L and Greco, Claudia M and Hagerman, Randi J and Noctor, Stephen C and Hall, Deborah A and Hagerman, Paul J and Tassone, Flora},
	year         = 2013,
	journal      = {Translational Neurodegeneration},
	volume       = 2,
	number       = 1,
	pages        = 10,
	doi          = {10.1186/2047-9158-2-10},
	pmcid        = {PMC3668897},
	pmid         = 23692864
}
@article{hunsaker:2014aa,
	title        = {{A semi-automated pipeline for the segmentation of rhesus macaque hippocampus: Validation across a wide age range.}},
	author       = {Hunsaker, Michael R and Amaral, David G},
	year         = 2014,
	journal      = {PloS one},
	volume       = 9,
	number       = 2,
	pages        = {e89456},
	doi          = {10.1371/journal.pone.0089456},
	pmcid        = {PMC3933562},
	pmid         = 24586791
}
@article{hunsaker:2014ab,
	title        = {{Postnatal development of the hippocampus in the Rhesus macaque (Macaca mulatta): a longitudinal magnetic resonance imaging study.}},
	author       = {Hunsaker, Michael R and Scott, Julia A and Bauman, Melissa D and Schumann, Cynthia M and Amaral, David G},
	year         = 2014,
	journal      = {Hippocampus},
	volume       = 24,
	number       = 7,
	pages        = {794--807},
	doi          = {10.1002/hipo.22271},
	pmcid        = {PMC4065201},
	pmid         = 24648155
}
@article{leden:2014aa,
	title        = {{Reduced activity-dependent protein levels in a mouse model of the fragile X premutation.}},
	year         = 2014,
	journal      = {Neurobiology of Learning and Memory},
	volume       = 109,
	pages        = {160--8},
	doi          = {10.1016/j.nlm.2014.01.011},
	pmcid        = {PMC3966028},
	pmid         = 24462720
}
@incollection{hunsaker:2014ac,
	title        = {{Unpacking memory processes: Using the attribute model to design optimal memory tests for rodent models}},
	author       = {Michael R. Hunsaker},
	year         = 2014,
	booktitle    = {Identification of Neural Markers Accompanying Memory},
	publisher    = {Elsevier},
	address      = {San Diego},
	pages        = {95--111},
	chapter      = 6,
	doi          = {https://doi.org/10.1016/B978-0-12-408139-0.00006-7},
	isbn         = {978-0-12-408139-0},
	editor       = {Alfredo Meneses}
}
@incollection{berman:2015aa,
	title        = {{Mouse models of the fragile X tremor/ataxia syndrome (FXTAS) and the fragile X premutation}},
	author       = {Robert F. Berman and Jared J. Schwartzer and Michael Ryan Hunsaker},
	year         = 2015,
	booktitle    = {Movement Disorders (Second Edition)},
	publisher    = {Academic Press},
	address      = {Boston},
	pages        = {641--652},
	chapter      = 39,
	doi          = {https://doi.org/10.1016/B978-0-12-405195-9.00039-1},
	isbn         = {978-0-12-405195-9},
	edition      = {Second Edition},
	editor       = {Mark S. LeDoux}
}
@article{scott:2016aa,
	title        = {{The hippocampi of children with chromosome 22q11.2 deletion syndrome have localized anterior alterations that predict severity of anxiety}},
	author       = {Scott, Julia A and Goodrich-Hunsaker, Naomi and Kalish, Kristopher and Lee, Aaron and Hunsaker, Michael R and Schumann, Cynthia M and Carmichael, Owen T and Simon, Tony J},
	year         = 2016,
	journal      = {Journal of Psychiatry \& Neuroscience},
	volume       = 41,
	number       = 3,
	pages        = {203--213},
	doi          = {10.1503/jpn.140299},
	pmcid        = {PMC4853211},
	pmid         = 26599134
}
@article{hunsaker:2017aa,
	title        = {{Adaptation of the Arizona Cognitive Task Battery for use with the Ts65Dn mouse model (Mus musculus) of Down Syndrome.}},
	author       = {Hunsaker, Michael R and Smith, Genevieve K and Kesner, Raymond P},
	year         = 2017,
	journal      = {Journal of Comparative Psychology (Washington, D.C. : 1983)},
	volume       = 131,
	number       = 3,
	pages        = {189--206},
	doi          = {10.1037/com0000069},
	pmid         = 28333487
}
@article{lechpammer:2017aa,
	title        = {{Concomitant occurrence of FXTAS and clinically defined sporadic inclusion body myositis: report of two cases}},
	author       = {Lechpammer, Mirna and Cerde\'{n}o, Ver\'{o}nica Mart\'{\i}nez and Hunsaker, Michael Ryan and Hah, Mina and Gonzales, Hilary and Tisch, Steve and Joffe, Ronald and Pamphlett, Roger and Tassone, Flora and Hagerman, Paul J and Bolitho, Samuel J and Hagerman, Randi J},
	year         = 2017,
	journal      = {Croatian Medical Journal},
	volume       = 58,
	number       = 4,
	pages        = {310--315},
	doi          = {10.3325/cmj.2017.58.310},
	pmcid        = {PMC5577649},
	pmid         = 28857524
}
@article{hunsaker:2018ab,
	title        = {{Development, validation, and implementation of a mainstreaming process to transition students from self-contained special education into general education placements}},
	author       = {Hunsaker, Michael Ryan},
	year         = 2018,
	volume       = 4,
	number       = 3,
	doi          = {10.5281/ZENODO.1292573},
	copyright    = {Creative Commons Attribution 4.0, Open Access}
}
@article{hunsaker:2018aa,
	title        = {{Unfolding the cognitive map: The role of hippocampal and extra-hippocampal substrates based on a systems analysis of spatial processing}},
	author       = {Hunsaker, Michael Ryan and Kesner, Raymond P},
	year         = 2018,
	journal      = {Neurobiology of Learning and Memory},
	volume       = 147,
	number       = {Neuropsychologia 48 8 2010},
	pages        = {90--119},
	doi          = {10.1016/j.nlm.2017.11.012},
	pmid         = 29222057
}
@article{wenzel:2019aa,
	title        = {{Astroglial-targeted expression of the fragile X CGG repeat premutation in mice yields RAN translation, motor deficits and possible evidence for cell-to-cell propagation of FXTAS pathology}},
	author       = {Wenzel, H J\"{u}rgen and Murray, Karl D and Haify, Saif N and Hunsaker, Michael R and Schwartzer, Jared J and Kim, Kyoungmi and Spada, Albert R La and Sopher, Bryce L and Hagerman, Paul J and Raske, Christopher and Severijnen, Lies-Anne W F M and Willemsen, Rob and Hukema, Renate K and Berman, Robert F},
	year         = 2019,
	journal      = {Acta Neuropathologica Communications},
	volume       = 7,
	number       = 1,
	pages        = 27,
	doi          = {10.1186/s40478-019-0677-7},
	pmid         = 30808398
}
